@book{elo1978rating,
  added-at = {2012-03-14T14:44:54.000+0100},
  address = {New York},
  author = {Elo, Arpad E.},
  biburl = {https://www.bibsonomy.org/bibtex/2eb44f086ee296f2389b209daa3dbe953/nosebrain},
  description = {Amazon.com: The Rating Of Chess Players, Past & Present (9780668047210): Arpad E Elo: Books},
  interhash = {d2e8d25f3d6bf5c5d387a8d81f15eb45},
  intrahash = {eb44f086ee296f2389b209daa3dbe953},
  isbn = {0668047216 9780668047210},
  keywords = {elo ranking rating skill},
  publisher = {Arco Pub.},
  refid = {4504131},
  timestamp = {2013-10-27T23:36:38.000+0100},
  title = {The rating of chessplayers, past and present},
  url = {http://www.amazon.com/Rating-Chess-Players-Past-Present/dp/0668047216},
  year = 1978
}

@article{alma991021119382005721,
title = {Parameter Estimation in Large Dynamic Paired Comparison Experiments},
volume = {48},
year = {1999-08},
author = {Glickman, Mark E},
address = {[Oxford] :},
issn = {0035-9254},
journal = {Journal of the Royal Statistical Society.},
lccn = {2006264542},
number = {3},
publisher = {Blackwell Publishers,},
}

@article{10.2307/2334029,
 ISSN = {00063444},
 URL = {http://www.jstor.org/stable/2334029},
 author = {Ralph Allan Bradley and Milton E. Terry},
 journal = {Biometrika},
 number = {3/4},
 pages = {324--345},
 publisher = {[Oxford University Press, Biometrika Trust]},
 title = {Rank Analysis of Incomplete Block Designs: I. The Method of Paired Comparisons},
 volume = {39},
 year = {1952}
}

@article{Ingram+2021,
author = {Martin Ingram},
doi = {doi:10.1515/jqas-2020-0066},
url = {https://doi.org/10.1515/jqas-2020-0066},
title = {How to extend Elo: a Bayesian perspective},
journal = {Journal of Quantitative Analysis in Sports},
number = {},
volume = {},
year = {2021}
}

@article{JMLR:v12:weng11a,
  author = {Ruby C. Weng and Chih-Jen Lin},
  title = {A Bayesian Approximation Method for Online Ranking},
  journal = {Journal of Machine Learning Research},
  year    = {2011},
  volume  = {12},
  number  = {9},
  pages   = {267-300},
  url     = {http://jmlr.org/papers/v12/weng11a.html}
}

@article{nelder1965simplex,
  title={A simplex method for function minimization},
  author={Nelder, John A and Mead, Roger},
  journal={The computer journal},
  volume={7},
  number={4},
  pages={308--313},
  year={1965},
  publisher={Oxford University Press}
}

@thesis{hsiao2020,
title = {職業網球單打評分模型的實證研究},
title = {An Empirical Study of Rating-System Model on Professional Tennis},
author = {蕭立承},
author = {Hsiao, Li-Chen},
year = 2020,
url = {http://nccur.lib.nccu.edu.tw/handle/140.119/131478}
}

@article{glickman2018comparison,
  title={A comparison of rating systems for competitive women's beach volleyball},
  author={Glickman, Mark E and Hennessy, Jonathan and Bent, Alister},
  journal={Statistica Applicata-Italian Journal of Applied Statistics},
  number={2},
  pages={233--254},
  year={2018}
}

